@ARTICLE{bk,
   AUTHOR  = {Bron Coen and Kerbosch Joep},
   TITLE   = {Algorithm 457: finding all cliques of an undirected graph},  
   YEAR    = {1973},
   JOURNAL = {Communications of the {ACM}},
   VOLUME  = {16},
   NUMBER  = {9},
   PAGES   = {575--577}
}